<?xml version="1.0" encoding="UTF-8"?><collection xmlns="http://www.loc.gov/MARC21/slim"><record><leader>00450nam--2200133-i-4500</leader><controlfield tag="001">000029937</controlfield><controlfield tag="002">20161230</controlfield><controlfield tag="005">20161230201038</controlfield><controlfield tag="008">060222s1000------------r-----000-0-eng-d</controlfield><datafield ind1=" " ind2=" " tag="080"><subfield code="a">621.375.826(043)</subfield></datafield><datafield ind1=" " ind2=" " tag="100"><subfield code="a">Kuszelewicz, Reuven</subfield></datafield><datafield ind1=" " ind2=" " tag="245"><subfield code="a">Etude de dispositifs optique bistables utilisant des lasers a fort gain couples en intensite.aspects theoriques et experimentaux.these</subfield></datafield><datafield ind1=" " ind2=" " tag="260"><subfield code="a">Orsay, Universite De Paris-sud, 1986. 197p</subfield></datafield><datafield ind1=" " ind2=" " tag="852"><subfield code="a">74053</subfield></datafield></record></collection>